<collection xmlns="http://www.loc.gov/MARC21/slim">
<record>
  <leader>01871nam0a2200361 i 450 </leader>
  <controlfield tag="001">IT\ICCU\CNCE\009284</controlfield>
  <controlfield tag="005">20120510000000.0</controlfield>
  <datafield tag="012" ind1=" " ind2=" ">
    <subfield code="a">o,n- e,to n-so Nome (3) 1599 (A)</subfield>
    <subfield code="2">fei</subfield>
  </datafield>
  <datafield tag="100" ind1=" " ind2=" ">
    <subfield code="a">19970101d1599        0itac0103    ba</subfield>
  </datafield>
  <datafield tag="101" ind1=" " ind2=" ">
    <subfield code="a">ITA</subfield>
  </datafield>
  <datafield tag="102" ind1=" " ind2=" ">
    <subfield code="a">IT</subfield>
  </datafield>
  <datafield tag="200" ind1="1" ind2=" ">
    <subfield code="a">℗La ℗pompa funerale fatta in Napoli nell&apos;essequie del catholico re Filippo II di Austria scritta da Ottavio Caputi</subfield>
  </datafield>
  <datafield tag="210" ind1=" " ind2=" ">
    <subfield code="a">In Napoli</subfield>
    <subfield code="c">nella stamparia dello Stigliola  ̉porta reale</subfield>
    <subfield code="d">1599</subfield>
  </datafield>
  <datafield tag="215" ind1=" " ind2=" ">
    <subfield code="a">\8!, 147, \1! p.,  \1! c. di tav. ripieg.</subfield>
    <subfield code="c">ill.</subfield>
    <subfield code="d">4ʻ</subfield>
  </datafield>
  <datafield tag="620" ind1=" " ind2=" ">
    <subfield code="a">IT</subfield>
    <subfield code="d">Napoli</subfield>
  </datafield>
  <datafield tag="700" ind1=" " ind2="1">
    <subfield code="a">Caputi,</subfield>
    <subfield code="b">Ottavio</subfield>
    <subfield code="3">IT\ICCU\CNCA\002592</subfield>
  </datafield>
  <datafield tag="712" ind1="0" ind2="0">
    <subfield code="a">Stigliola, Felice</subfield>
    <subfield code="3">IT\ICCU\CNCT\000606</subfield>
    <subfield code="4">650</subfield>
  </datafield>
  <datafield tag="790" ind1=" " ind2="1">
    <subfield code="a">Caputo,</subfield>
    <subfield code="b">Ottavio</subfield>
    <subfield code="3">IT\ICCU\CNCA\013154</subfield>
    <subfield code="z">Caputi, Ottavio</subfield>
  </datafield>
  <datafield tag="791" ind1="0" ind2="2">
    <subfield code="a">℗a ℗Porta Regale</subfield>
    <subfield code="c"> &lt;1595-1600&gt;</subfield>
    <subfield code="3">IT\ICCU\CNCT\004105</subfield>
    <subfield code="z">Stigliola, Felice</subfield>
  </datafield>
  <datafield tag="791" ind1="0" ind2="2">
    <subfield code="a">Typographia Stelliolae</subfield>
    <subfield code="c"> &lt;1595-1600&gt;</subfield>
    <subfield code="3">IT\ICCU\CNCT\005745</subfield>
    <subfield code="z">Stigliola, Felice</subfield>
  </datafield>
  <datafield tag="791" ind1="0" ind2="2">
    <subfield code="a">Stamperia dello Stigliola</subfield>
    <subfield code="c"> &lt;1595-1600&gt;</subfield>
    <subfield code="3">IT\ICCU\CNCT\005748</subfield>
    <subfield code="z">Stigliola, Felice</subfield>
  </datafield>
  <datafield tag="801" ind1=" " ind2="3">
    <subfield code="a">IT</subfield>
    <subfield code="b">ICCU</subfield>
    <subfield code="c">20201113</subfield>
  </datafield>
  <datafield tag="899" ind1=" " ind2=" ">
    <subfield code="a">Biblioteca civica Romolo Spezioli. Fermo</subfield>
    <subfield code="1">AP0012</subfield>
    <subfield code="2">UMC FM</subfield>
  </datafield>
  <datafield tag="899" ind1=" " ind2=" ">
    <subfield code="a">Biblioteca comunale Filippo De Nobili. Catanzaro</subfield>
    <subfield code="1">CZ0014</subfield>
    <subfield code="2">RCA CC</subfield>
  </datafield>
  <datafield tag="899" ind1=" " ind2=" ">
    <subfield code="a">Biblioteca nazionale Vittorio Emanuele III. Napoli</subfield>
    <subfield code="z">MUTILO</subfield>
    <subfield code="1">NA0079</subfield>
    <subfield code="2">NAP BN</subfield>
  </datafield>
  <datafield tag="899" ind1=" " ind2=" ">
    <subfield code="a">Biblioteca Palatina. Parma</subfield>
    <subfield code="1">PR0072</subfield>
    <subfield code="2">PAR PA</subfield>
  </datafield>
  <datafield tag="899" ind1=" " ind2=" ">
    <subfield code="a">Biblioteca nazionale centrale. Roma</subfield>
    <subfield code="1">RM0267</subfield>
    <subfield code="2">BVE CR</subfield>
  </datafield>
  <datafield tag="899" ind1=" " ind2=" ">
    <subfield code="a">Biblioteca universitaria Alessandrina. Roma</subfield>
    <subfield code="1">RM0280</subfield>
    <subfield code="2">RML 01</subfield>
  </datafield>
  <datafield tag="899" ind1=" " ind2=" ">
    <subfield code="a">Biblioteca Casanatense. Roma</subfield>
    <subfield code="1">RM0313</subfield>
    <subfield code="2">RML 07</subfield>
  </datafield>
  <datafield tag="899" ind1=" " ind2=" ">
    <subfield code="a">Biblioteca del Senato della Repubblica Giovanni Spadolini. Roma</subfield>
    <subfield code="1">RM0427</subfield>
    <subfield code="2">ZRM 12</subfield>
  </datafield>
  <datafield tag="899" ind1=" " ind2=" ">
    <subfield code="a">Biblioteca comunale degli Intronati. Siena</subfield>
    <subfield code="1">SI0046</subfield>
    <subfield code="2">RT1 QI</subfield>
  </datafield>
  <datafield tag="899" ind1=" " ind2=" ">
    <subfield code="a">Biblioteca dell&apos;Accademia musicale Chigiana. Siena</subfield>
    <subfield code="1">SI0051</subfield>
    <subfield code="2">RT1 PS</subfield>
  </datafield>
  <datafield tag="899" ind1=" " ind2=" ">
    <subfield code="a">Biblioteca calabrese. Soriano Calabro</subfield>
    <subfield code="1">VV0053</subfield>
    <subfield code="2">RCA CS</subfield>
  </datafield>
</record>
</collection>
